Order,Beta,Book Value Per Share,Cash Flow,Current Ratio,D/E Ratio,Date,Difference,Diluted EPS,EBITDA,Earnings Growth,Enterprise Value,Enterprise Value/EBITDA,Enterprise Value/Revenue,Forward P/E,Gross Profit,Held by Insiders,Held by Institutions,Market Cap,Net Income Avl to Common ,Operating Margin,PEG Ratio,Price,Price/Book,Price/Sales,Profit Margin,Return on Assets,Return on Equity,Revenue,Revenue Growth,Revenue Per Share,SP500,Shares Short (as of,Short % of Float,Short Ratio,Status,Ticker,Total Cash,Total Cash Per Share,Total Debt,Trailing P/E,Unix,sp500_p_change,stock_p_change
0,1.55,11.36,13850000000,3.2,54.36,8/2/2011 6:45,-2.492012939,2.52,11.89,85.2,13850000000,11.89,2.25,12.44,2930000000,0.25,82.1,13850000000,89000000,14.8,0.63,40,3.71,2.38,14.46,6.94,27,2.25,31.9,17.77,1254.050049,436000,1.4,1.2,underperform,a,2980000000,8.55,2150000000,16.18,1312281937,10.86701294,8.375
1,1.66,15.41,1320000000,2.55,44.12,5/14/2013 0:28,-31.13444021,3.13,10.75,22.2,15060000000,10.75,2.18,13.08,3600000000,0.23,83.2,15060000000,1100000000,15.69,2.07,43,2.83,2.19,15.96,6.85,22.38,2.18,2.8,19.85,1650.339966,437000,1.3,1.2,underperform,a,2450000000,7.06,2360000000,13.75,1368505738,45.90188207,14.76744186
2,1.81,14.46,1260000000,2.96,56.39,9/6/2013 6:09,-24.30761899,2.69,11.93,30.9,15860000000,11.93,2.32,15.09,3600000000,0.23,83.5,15860000000,93800000,14.04,2.16,47,3.31,2.32,13.73,5.98,19.41,2.32,4.1,19.8,1655.170044,278000,0.8,1.2,underperform,a,2330000000,7.04,2700000000,17.74,1378462192,46.32889559,22.0212766
3,1.808,14.078,2530000000,1.374,0.595,4/13/2004 4:20,0,1.375,10.8,53.7,36340000000,10.8,1.65,12.98,4020000000,1,79.36,29780000000,1190000000,8.44,1.26,34.26,2.41,1.33,6.4,4.52,10.66,1.65,11.4,25.638,1129.439941,1254000,1.46,2.497,underperform,aa,45900000,0.53,7310000000,24.92,1081844410,0,0
4,1.676,14.049,1780000000,1.372,0.561,9/9/2004 16:15,-3.186159081,1.575,9.7,53.7,35240000000,9.7,1.56,12.75,4020000000,1,76.64,28610000000,1370000000,9.46,1.43,32.89,2.34,1.26,7.04,5.08,11.87,1.56,11.4,25.984,1118.380005,778000,0.9,1.935,underperform,aa,46600000,0.54,6880000000,20.88,1094760945,-0.979240737,-4.165399818
5,1.736,14.36,2140000000,1.293,0.53,11/24/2004 10:37,-6.657405431,1.588,9.53,53.7,35370000000,9.53,1.52,13.49,4020000000,1.04,77.19,29230000000,1390000000,9.57,1.47,33.58,2.34,1.26,7.01,5.13,11.58,1.52,11.4,26.536,1181.76001,991000,1.15,2.209,underperform,aa,56100000,0.64,6650000000,21.15,1101310640,4.632390542,-2.02501489
6,1.736,14.36,2140000000,1.293,0.53,12/5/2004 0:36,-9.651668001,1.588,9.36,53.7,34750000000,9.36,1.49,13.2,4020000000,1.04,77.11,28600000000,1390000000,9.57,1.5,32.86,2.33,1.25,7.01,5.13,11.58,1.49,11.4,26.536,1190.329956,991000,1.15,2.209,underperform,aa,56100000,0.64,6650000000,20.69,1102225002,5.391168914,-4.260499087
7,1.611,15.207,2140000000,1.322,0.457,1/13/2005 7:18,-20.66260492,1.597,8.57,53.7,31510000000,8.57,1.34,11.96,4020000000,1.04,77.16,25630000000,1400000000,9.39,1.12,29.43,1.95,1.1,7.02,5.12,11.17,1.34,11.4,26.757,1177.449951,1281000,1.49,2.918,underperform,aa,45700000,0.52,6080000000,18.43,1105618712,4.250780255,-16.41182467
8,1.611,15.207,2140000000,1.322,0.457,2/7/2005 3:48,-23.04927716,1.6,8.5,53.7,31260000000,8.5,1.33,11.89,4020000000,1.04,75.67,25580000000,1400000000,9.39,1.39,29.37,1.92,1.08,7.02,5.12,11.17,1.33,11.4,26.757,1201.719971,1184000,1.37,1.892,underperform,aa,45700000,0.52,6080000000,18.39,1107766117,6.399634666,-16.64964249
9,2.28,14.66,20950000000,1.36,48.26,9/3/2011 9:21,-193.4198611,0.87,6.18,136.8,20950000000,6.18,0.89,8.6,3840000000,0.09,59.6,20950000000,94900000,8.2,0.28,12,0.85,0.57,4.04,3.05,6.55,0.89,27,22.58,1218.890015,5373000,5.1,1.9,underperform,aa,1270000000,1.19,9350000000,13.78,1315056083,7.919861053,-185.5
10,2.01,13.97,19100000000,1.36,50.93,11/2/2011 22:04,-252.2029969,0.95,5.29,182,19100000000,5.29,0.78,10.39,3840000000,0.09,59.6,19100000000,1060000000,8.64,0.34,10,0.74,0.45,4.31,3.41,7.22,0.78,21.4,23.44,1237.900024,6146000,5.8,1.5,underperform,aa,1340000000,1.25,9310000000,11.23,1320285887,9.602996942,-242.6
11,2.01,13.97,19660000000,1.36,50.93,11/5/2011 21:29,-252.2029969,0.95,5.45,182,19660000000,5.45,0.8,10.61,3840000000,0.09,59.6,19660000000,1060000000,8.64,0.34,10,0.78,0.47,4.31,3.41,7.22,0.8,21.4,23.44,1237.900024,6146000,5.8,1.5,underperform,aa,1340000000,1.25,9310000000,11.47,1320542964,9.602996942,-242.6
12,2.1,13.97,2420000000,1.36,50.93,1/2/2012 19:42,-339.59722,0.95,4.78,182,17240000000,4.78,0.7,9.83,3840000000,0.09,59.6,17240000000,1060000000,8.64,0.47,8,0.62,0.37,4.31,3.41,7.22,0.7,21.4,23.44,1257.599976,5686000,5.4,2,underperform,aa,1340000000,1.25,9310000000,9.08,1325551326,11.34722001,-328.25
13,1.96,13.21,2190000000,1.25,55.28,5/19/2012 11:51,-345.547078,0.37,5.8,69.5,17030000000,5.8,0.68,8.6,4470000000,0.06,63.4,17030000000,39800000,5.79,1.16,8,0.64,0.36,1.59,2.23,3,0.68,0.8,23.48,1324.800049,7231000,6.8,2.7,underperform,aa,1760000000,1.65,9740000000,23.1,1337442712,17.29707804,-328.25
14,1.86,12.5,1660000000,1.2,53.21,4/23/2013 20:02,-368.0343278,0.22,7.39,58.5,16070000000,7.39,0.68,10.4,3210000000,0.08,58.1,16070000000,24400000,3.06,2.6,8,0.65,0.37,1.05,1.11,1.36,0.68,2.9,22.03,1578.780029,7271000,6.8,4.9,underperform,aa,1560000000,1.45,8920000000,36.21,1366761777,39.78432776,-328.25
15,1.86,12.5,1660000000,1.2,53.21,4/26/2013 20:55,-368.3406708,0.22,7.55,58.5,16400000000,7.55,0.7,10.88,3210000000,0.08,58.1,16400000000,24400000,3.06,2.87,8,0.67,0.38,1.05,1.11,1.36,0.7,2.9,22.03,1582.23999,8868000,8.3,4.5,underperform,aa,1560000000,1.45,8920000000,36.92,1367024115,40.09067083,-328.25
16,1.701,12.042,36100000,2.921,2.921,6/3/2004 1:20,23.51836557,0.454,21.08,6.2,6070000000,21.08,0.85,37.08,1710000000,1.06,66.12,10990000000,16900000,2.31,2.89,28.92,2.33,1.49,2.36,2.54,3.95,0.85,8.1,19.326,1116.640015,1171000,3.12,1.978,outperform,aapl,4590000000,12.09,2.921,63.7,1086240038,4.38619875,27.90456432
17,1.744,12.493,36100000,2.917,2.917,8/10/2004 2:02,30.3168564,0.557,17.9,6.2,6590000000,17.9,0.86,34.43,1710000000,1.19,64.33,11750000000,21100000,3,2.65,30.3,2.38,1.51,2.76,3.09,4.78,0.86,8.1,20.197,1079.040039,1303000,3.4,1.386,outperform,aapl,4970000000,12.8,2.917,54.4,1092117764,0.87126241,31.18811881
18,1.802,12.493,56400000,2.917,2.917,10/12/2004 5:40,41.09815597,0.557,27.68,6.2,10190000000,27.68,1.33,41.05,1710000000,1.19,67.52,14970000000,21100000,3,3.38,38.59,3.13,1.98,2.76,3.09,4.78,1.33,8.1,20.197,1121.839966,1496000,3.9,2.196,outperform,aapl,4970000000,12.8,2.917,69.28,1097574057,4.872302697,45.97045867
19,1.775,12.968,56400000,2.632,2.632,12/4/2004 14:16,55.36366358,0.709,61.54,6.2,20060000000,61.54,2.42,37.09,1710000000,1.26,72.07,24540000000,27600000,3.94,2.21,62.68,5.03,3.08,3.33,3.86,6.02,2.42,8.1,21.419,1191.369995,1940000,5.02,1.508,outperform,aapl,5460000000,13.96,2.632,88.41,1102187811,11.37213732,66.73580089
20,1.81,14.312,93400000,2.581,2.581,1/26/2005 15:16,61.26262754,1.244,34.66,300,22700000000,34.66,2.33,30.35,2260000000,1.47,71.08,29100000000,50800000,6.71,1.71,71.94,5.03,2.99,5.2,6.62,10.37,2.33,33.4,24.517,1174.069946,1438000,3.61,0.892,outperform,aapl,6450000000,15.94,2.581,57.83,1106770607,9.754887057,71.0175146
21,1.81,14.312,93400000,2.581,2.581,2/4/2005 3:07,60.74181297,1.24,32.09,300,26090000000,32.09,2.67,32.83,2260000000,1.54,68.75,31480000000,50800000,6.71,1.92,77.81,5.56,3.3,5.2,6.62,10.37,2.67,33.4,24.517,1203.030029,1559000,3.88,0.761,outperform,aapl,6450000000,15.78,2.581,62.55,1107504428,12.46214539,73.20395836
22,1.8,14.312,1490000000,2.581,2.581,3/1/2005 10:36,40.37002263,0.62,37.16,300,30210000000,37.16,3.09,18.24,2260000000,1.54,74.88,18330000000,50800000,6.71,2.06,44.86,3.11,1.86,5.2,6.63,10.37,3.09,33.4,12.259,1210.410034,3065000,3.81,0.87,outperform,aapl,6450000000,7.89,2.581,72.01,1109691363,13.15204603,53.52206866
23,0.87,135.79,52890000000,1.88,13.75,8/11/2013 2:30,36.72297098,40.11,7.06,21.8,3.95E+11,7.06,2.33,10.73,68660000000,0.04,62,3.95E+11,37750000000,29.46,0.64,454,3.4,2.47,22.28,17.2,32.11,2.33,0.9,181.4,1697.47998,2604000,2.8,2.1,outperform,aapl,42680000000,46.97,16960000000,11.33,1376202632,58.68451801,95.40748899
24,1.81,1.87,5940000000,2.21,512.61,6/19/2013 9:57,0,3.38,9.69,9.6,76110000000,9.69,4.11,13.48,13870000000,0.02,6.3,76110000000,5360000000,36.65,2.05,43,23.32,3.72,28.92,18.41,71.43,4.11,3.7,11.73,1628.930054,1140000,0.7,2.1,underperform,abbv,7480000000,4.72,15160000000,12.88,1371650258,0,0
25,0.123,36.89,35482000,1.452,0.429,1/28/2004 7:37,-10.31490852,3.998,8.01,27.9,7780000000,8.01,0.15,12.2,2250000000,2,84.35,6320000000,45696000,1.78,0.91,56.36,1.52,0.12,0.9,3.76,11.95,0.15,9.8,432.868,1128.47998,548000,4.98,2.458,underperform,abc,28322000,2.53,1770000000,14.1,1075293454,9.161608304,-1.153300213
26,0.122,37.967999,56677000,1.365,0.412,5/16/2004 19:24,-2.738545222,4.198,7.75,27.9,7710000000,7.75,0.15,13.08,2250000000,1.96,86.21,6620000000,48270000,1.78,0.95,58.97,1.55,0.13,0.93,3.94,12.09,0.15,9.8,441.08,1096.439941,540000,4.91,4.396,underperform,abc,66376000,5.91,1750000000,14.05,1084749855,6.06226915,3.323723927
27,0.071,39.075001,99210000,1.39,0.331,10/20/2004 1:31,-16.18487693,4.294,6.5,27.9,6510000000,6.5,0.12,12.58,2250000000,1.99,90.22,5860000000,49593000,1.77,0.91,52.1,1.36,0.11,0.95,4.06,12,0.12,9.8,445.314,1103.660034,753000,6.84,5.682,underperform,abc,90317000,8.03,1460000000,12.13,1098250286,6.760692673,-9.424184261
28,0.033,39.556,82508000,1.359,0.332,1/8/2005 7:45,-12.96995922,4.062,7.08,6.2,6670000000,7.08,0.13,12.87,2180000000,1.73,95,6090000000,46839000,1.63,1.08,57.9,1.47,0.11,0.88,3.89,11.09,0.13,7.1,451.509,1183.73999,809000,7.83,5.677,underperform,abc,87134000,8.29,1440000000,14.25,1105188342,14.50709221,1.537132988
29,0.024,39.708,1400000000,1.343,0.291,3/30/2005 19:52,-17.11359817,3.78,7.68,6.2,6710000000,7.68,0.13,14.07,2180000000,1.18,93.01,6160000000,43077000,1.48,1.23,55.44,1.36,0.11,0.81,3.62,10.1,0.13,7.1,460.193,1181.410034,551000,5.02,4.345,underperform,abc,52954000,4.77,1230000000,14.67,1112226762,14.28170784,-2.831890332
30,0.031,39.949001,68870000,1.258,0.23,5/26/2005 1:50,-2.320250103,3.43,17.97,6.2,14150000000,17.97,0.27,16.57,2180000000,1.06,95,6870000000,38526000,1.32,1.45,65.93,1.65,0.13,0.72,3.25,9.01,0.27,7.1,466.43,1197.619995,778000,7.54,4.636,underperform,abc,1150000000,11.07,95780000,19.23,1117086644,15.84975109,13.52950099
31,0.77,11.45,11240000000,1.1,42.86,7/8/2011 0:04,-62.57162751,2.41,8.95,18.4,11240000000,8.95,0.14,15.49,2360000000,0.71,93.2,11240000000,67931000,1.45,1.36,43,3.76,0.15,0.86,5.02,22.78,0.14,2.4,284.55,1343.800049,482000,1.8,2.2,underperform,abc,1910000000,6.98,1340000000,17.89,1310097855,29.99023216,-32.58139535
32,0.77,11.24,1700000000,1.06,66.41,2/28/2012 18:01,-86.81660518,2.59,6.78,1,9280000000,6.78,0.12,11.91,2540000000,0.73,96.5,9280000000,70824000,1.54,1.06,37,3.35,0.12,0.88,5.16,24.15,0.12,2.4,300.87,1372.180054,616000,2.4,2.7,underperform,abc,2370000000,9.19,1930000000,14.57,1330470098,32.7355241,-54.08108108
33,0.66,10.16,63204000,0.96,59.73,4/25/2013 1:02,-56.99232884,2.9,9.69,4,13850000000,9.69,0.17,15.17,2670000000,0.18,93.6,13850000000,71045000,1.58,1.52,55,5.54,0.16,0.9,5.07,27.11,0.17,5.7,327.31,1585.160034,850000,3.7,3,underperform,abc,41740000,1.81,1400000000,19.22,1366866120,53.33778339,-3.654545455
34,0.259,8.216,4480000000,1.378,0.543,9/20/2004 13:31,0,1.973,13.98,1.4,71550000000,13.98,3.63,17.1,10210000000,6.63,61.02,67000000000,3100000000,19.08,1.57,42.92,5.22,3.4,15.73,11.53,24.56,3.63,11.3,12.54,1122.199951,1038000,0.71,3.621,underperform,abt,2420000000,1.55,6970000000,21.75,1095701462,0,0
35,0.23,8.216,4480000000,1.378,0.543,10/23/2004 22:48,-3.389500883,1.999,13.35,1.4,68330000000,13.35,3.49,16.21,10210000000,6.63,60.92,63790000000,3150000000,19.08,1.52,40.86,5,3.28,16.08,11.58,24.54,3.49,11.3,12.427,1103.660034,989000,0.68,3.561,underperform,abt,2420000000,1.55,6970000000,20.44,1098586088,-1.652104599,-5.041605482
36,0.246,8.319,4250000000,1.4,0.508,1/25/2005 12:44,2.435639015,1.97,14.54,1.4,76200000000,14.54,4.03,16.7,10210000000,6.63,61.38,71530000000,3100000000,20.14,1.54,45.93,5.53,3.66,16.36,11.37,24.1,4.03,11.3,12.04,1168.410034,1079000,0.74,2.584,outperform,abt,1910000000,1.23,6580000000,23.31,1106675051,4.117811889,6.553450904
37,0.216,8.319,4250000000,1.4,0.508,2/28/2005 19:21,-1.355782103,1.97,14.64,1.4,76730000000,14.64,4.05,16.59,10210000000,6.63,67.36,71030000000,3100000000,20.14,1.69,45.61,5.56,3.81,16.36,11.37,24.1,4.05,11.3,12.04,1203.599976,711000,0.49,1.952,underperform,abt,1910000000,1.23,6580000000,23.15,1109636514,7.253611527,5.897829423
38,0.23,15.56,8970000000,1.54,62.85,3/30/2012 5:44,2.956950707,3.01,9.24,12.3,1.03E+11,9.24,2.66,11.42,23310000000,0.14,65.7,1.03E+11,4710000000,20.9,1.47,60,3.93,2.47,12.17,8.4,20,2.66,4.1,24.94,1408.469971,2161000,1.4,3.1,outperform,abt,8100000000,5.15,15410000000,20.26,1333100655,25.50971596,28.46666667
39,0.5,14.37,6200000000,1.82,35.38,8/18/2013 7:12,-74.27664312,2.51,4.58,72.4,52890000000,4.58,1.32,15.68,24750000000,0.16,67,52890000000,6190000000,22.4,1.47,34,2.44,1.36,10.02,10.72,26.48,1.32,2.5,25.52,1661.319946,1020000,0.7,1.4,underperform,abt,9390000000,6.04,7930000000,13.95,1376824365,48.04134901,-26.23529412
40,0.61,71.36,23530000000,0.72,27.7,8/11/2011 20:49,29.29233169,7.44,7.31,10.3,23530000000,7.31,1.44,8.49,5730000000,0.19,3.3,23530000000,2540000000,19.58,1.1,63,0.83,1.23,15.54,2.36,11.17,1.44,13.1,48.24,1172.640015,237000,0.8,1.3,outperform,ace,3210000000,9.51,6680000000,8.52,1313110140,8.64417625,37.93650794
41,0.79,80.9,4000000000,0.93,24.94,4/23/2013 4:24,9.794686217,7.89,10.6,4.1,33990000000,10.6,1.9,11.06,5320000000,0.34,93.1,33990000000,2710000000,17.6,1.5,89,1.1,1.68,15.09,2.19,10.44,1.9,3.3,52.78,1578.780029,223000,0.7,1.9,outperform,ace,3090000000,9.1,6860000000,11.31,1366705443,46.27272951,56.06741573
42,0.79,82.17,4340000000,0.41,27.94,5/16/2013 15:08,4.585253674,7.83,11.06,2.1,35220000000,11.06,1.95,11.37,5320000000,0.34,93.1,35220000000,2690000000,17.34,1.39,92,1.13,1.75,14.88,2.13,10.07,1.95,2.6,53.02,1650.469971,227000,0.7,1.6,outperform,ace,3750000000,11.02,7810000000,11.84,1368731337,52.91474633,57.5
43,0.035,17.375999,14673000,1.949,0.936,3/30/2005 6:50,14.5857159,1.87,13.83,581.4,3380000000,13.83,1.7,11.96,43846000,0.67,95,2580000000,10652000,3.92,3.83,41.15,2.47,1.35,5.73,3.92,11.81,1.7,33.3,31.153,1181.410034,774000,12.42,4.298,outperform,aci,32317000,5.15,1010000000,22.02,1112179828,10.61477013,25.20048603
44,1.83,16.73,8400000000,1.24,118.77,8/18/2011 1:16,-68.79843286,0.96,10.08,83.3,8400000000,10.08,2.41,5.24,79046000,0.73,89.3,8400000000,16118000,12.59,0.38,19,1.2,1.23,4.62,3.65,5.69,2.41,28.9,21.08,1140.650024,631000,5,1.1,underperform,aci,8235000,0.39,4200000000,20.59,1313644601,6.798432863,-62
45,1.702,1.57,1800000000,1.381,0.023,12/10/2004 6:26,-8.558836723,1.219,10.94,103.4,22060000000,10.94,1.46,16.9,4310000000,6.45,36.09,24570000000,69083000,11.64,1.25,26.2,16.89,1.65,8.09,16.38,54.3,1.46,2.2,15.096,1188,242000,0.28,0.523,underperform,acn,2840000000,3.03,3388000,21.49,1102677984,12.9481497,4.389312977
46,1.686,1.862,1570000000,1.45,0.023,2/10/2005 3:10,-12.00155477,1.22,10.97,38.7,21460000000,10.97,1.37,16.25,4620000000,6.38,36.29,23970000000,71276000,10.95,1.19,25.51,13.88,1.56,7.74,15.15,48.93,1.37,12.8,15.748,1197.01001,278000,0.32,0.979,underperform,acn,2870000000,3.05,4000000,21,1108023056,13.80476919,1.803214426
47,1.671,1.862,1570000000,1.45,0.023,4/4/2005 5:07,-14.31457607,1.22,10.29,38.7,20140000000,10.29,1.29,15.57,4620000000,6.38,38.48,22960000000,71276000,10.95,1.11,24.44,12.97,1.45,7.74,15.15,48.93,1.29,12.8,15.748,1176.119995,469000,0.53,1.752,underperform,acn,2870000000,3.05,4000000,20.12,1112605660,11.81866773,-2.495908347
48,0.79,5.75,29280000000,1.51,0.11,9/1/2011 16:51,38.22657681,3.15,7.64,28,29280000000,7.64,1.13,14.11,7250000000,45.71,73.7,29280000000,2110000000,12.83,1.46,53,9.32,1.33,8.12,15.56,62.34,1.13,20.6,40.45,1204.420044,1235000,1.9,1.8,outperform,acn,5260000000,8.16,462000,17.02,1314910297,14.50927225,52.73584906
49,0.82,6.05,31630000000,1.45,0.1,11/8/2011 0:40,35.50326727,3.4,7.79,37.4,31630000000,7.79,1.16,13.74,8390000000,45.71,73.7,31630000000,2280000000,12.97,1.44,58,9.63,1.36,8.33,15.52,66.97,1.16,23,42.37,1275.920044,1183000,1.9,1.9,outperform,acn,5710000000,8.9,442000,17.07,1320730819,21.30707755,56.81034483
50,0.86,5.84,3810000000,1.45,0.15,2/29/2012 0:47,27.70143418,3.55,7.93,20.1,33520000000,7.93,1.18,14.19,8390000000,0.3,81.4,33520000000,2390000000,13,1.4,59,10.21,1.36,8.38,16.43,70.63,1.18,17.1,43.97,1365.680054,851000,1.3,1.8,outperform,acn,5100000000,7.88,638000,16.81,1330494421,29.84093871,57.54237288
51,1.463,5.264,55816000,3.526,3.526,8/21/2004 23:10,21.72915443,1.551,17.27,39.2,9770000000,17.27,6.47,25.46,1200000000,1.91,83.27,11050000000,38031000,33.92,1.79,46.09,8.61,7.19,25.17,25.33,36.21,6.47,11.2,6.174,1095.170044,915000,3.89,3.026,outperform,adbe,1280000000,5.34,3.526,29.72,1093144200,-4.263326706,17.46582773
52,1.458,5.137,62152000,3.1,3.1,11/12/2004 17:19,31.00987612,1.706,20.77,39.2,12800000000,20.77,8.02,29.79,1200000000,1.9,82.95,13860000000,42025000,35.14,2.17,58.1,11.37,8.74,26.34,26.31,37.06,8.02,11.2,6.475,1184.170044,693000,2.96,2.476,outperform,adbe,1140000000,4.78,3.1,34.06,1100297977,3.516802024,34.52667814
53,1.519,5.934,62152000,3.436,3.436,2/7/2005 16:20,35.20346985,1.82,21.93,39.2,14310000000,21.93,8.59,28.81,1560000000,10.85,80.71,15190000000,45040000,35.51,2.12,63.67,10.78,9.16,27.02,26.01,36.15,8.59,11.2,6.73,1201.719971,693000,3.18,2.587,outperform,adbe,1310000000,5.38,3.436,35,1107811207,5.050967094,40.25443694
54,1.615,6.682,68374000,3.511,3.511,4/5/2005 4:12,39.59194571,1.92,22.34,69.1,14780000000,22.34,8.61,28.45,1560000000,0.79,83.16,16200000000,47926000,34.92,2.09,66.58,9.99,9.47,27.93,25.97,35.48,8.61,28.7,6.882,1181.390015,578000,2.4,2.594,outperform,adbe,1470000000,6.03,3.511,34.7,1112688742,3.273779738,42.86572544
55,1.51,10.74,15770000000,3.4,28.03,4/24/2011 4:02,-32.18271154,1.69,11.1,84.5,15770000000,11.1,3.97,13.18,3400000000,0.43,86.3,15770000000,88212000,28.48,1.06,33,3.14,4.28,22.23,8.69,16.65,3.97,19.7,7.72,1337.380005,1615000,3.2,2.3,underperform,adbe,2640000000,5.23,1520000000,19.8,1303632164,16.90998426,-15.27272727
56,1.54,10.92,12410000000,3.23,28.17,8/5/2011 4:11,-51.15410618,1.87,8.56,54.4,12410000000,8.56,3.07,10.18,3400000000,0.43,86.3,12410000000,96294000,28.84,1.01,26,2.51,3.34,23.78,8.93,18.22,3.07,8.5,7.98,1199.380005,1335000,2.6,2,underperform,adbe,2630000000,5.32,1520000000,14.01,1312531906,4.846413873,-46.30769231
57,1.56,11.29,11680000000,3.36,27.25,10/18/2011 13:47,-53.42695278,1.83,8.23,15.2,11680000000,8.23,2.87,10.29,3400000000,0.43,86.3,11680000000,92798000,28.13,0.91,26,2.32,3.16,22.79,8.71,17.43,2.87,2.3,8.12,1225.380005,1740000,3.5,2.4,underperform,adbe,2720000000,5.54,1520000000,14.37,1318960046,7.119260468,-46.30769231
58,1.61,12.12,1530000000,3.14,25.26,3/24/2012 12:13,-37.90941166,1.56,10.62,21.1,15450000000,10.62,3.65,12.76,3780000000,5.44,87.3,15450000000,78347000,27.9,1.49,33,2.78,3.93,18.51,8.47,13.73,3.65,1.7,8.55,1402.890015,1318000,2.7,3.4,underperform,adbe,2770000000,5.6,1510000000,21.69,1332605587,22.63668439,-15.27272727
59,1.32,12.35,1580000000,3.03,24.76,7/2/2012 4:31,-38.24402988,1.55,9.67,2.4,14430000000,9.67,3.33,12.22,3780000000,6.54,85.8,14430000000,77791000,27.87,1.44,32,2.52,3.54,17.94,8.53,13.54,3.33,9.9,8.78,1365.51001,1512000,3.1,3.9,underperform,adbe,3000000000,6.1,1510000000,20.91,1341217882,19.36902988,-18.875
60,2.687,9.198,51936000,6.053,6.053,5/12/2004 18:46,-8.479153855,0.918,33.84,183.3,15120000000,33.84,6.92,22.52,1120000000,1.52,79.83,16830000000,35513000,20.38,1.46,45.04,5.07,7.97,16.25,7.46,11.15,6.92,19.9,5.663,1097.280029,764000,2.08,2.365,underperform,adi,2310000000,6.17,6.053,49.06,1084401987,-3.643403872,-12.12255773
61,2.715,9.575,64860000,5.778,5.778,6/22/2004 9:09,-11.76458925,1.116,26.34,183.3,14380000000,26.34,6.09,20.1,1120000000,1.53,82.04,16920000000,43640000,23.06,1.25,45.03,4.78,7.28,18.48,9.37,13.19,6.09,19.9,6.058,1134.410034,691000,1.87,1.735,underperform,adi,2540000000,6.76,5.778,40.35,1087909753,-0.382868,-12.14745725
62,2.647,9.575,64860000,5.778,5.778,8/10/2004 2:07,-35.3450693,1.116,20.26,183.3,11060000000,20.26,4.68,16.04,1120000000,1.53,81.98,13500000000,43640000,23.06,0.99,35.92,3.78,5.76,18.48,9.37,13.19,4.68,19.9,6.058,1079.040039,685000,1.85,1.84,underperform,adi,2540000000,6.76,5.778,32.19,1092118048,-5.245131146,-40.59020045
63,2.739,9.991,64860000,6.081,6.081,11/11/2004 9:56,-34.2168531,1.339,18.14,183.3,11880000000,18.14,4.64,25.16,1120000000,1.53,81.08,14570000000,52650000,25.51,1.33,38.5,3.95,5.83,20.57,11.51,15.24,4.64,19.9,6.522,1173.47998,1096000,2.94,2.55,underperform,adi,2690000000,7.11,6.081,28.75,1100184975,3.048021935,-31.16883117
64,2.443,10.11,77804000,6.223,6.223,1/24/2005 3:34,-48.69779961,1.452,14.63,91.3,10270000000,14.63,3.9,20.52,1550000000,1.53,82.09,12960000000,57074000,26.55,1.36,34.47,3.43,4.94,21.67,12.77,15.94,3.9,28.6,6.704,1163.75,874000,2.36,1.974,underperform,adi,2680000000,7.14,6.223,23.74,1106555668,2.193593049,-46.50420656
65,2.582,10.025,70327000,6.453,6.453,3/17/2005 1:05,-45.10734966,1.43,16.2,91.3,11020000000,16.2,4.23,22.04,1550000000,1.67,81.54,13380000000,56134000,26,1.59,35.92,3.65,5.22,21.52,12.28,15.29,4.23,28.6,6.661,1190.209961,870000,2.37,2.413,underperform,adi,2600000000,6.98,6.453,25.08,1111035945,4.517149213,-40.59020045
66,2.77,10.025,70327000,6.453,6.453,4/8/2005 23:33,-45.30149749,1.43,15.94,91.3,10850000000,15.94,4.16,21.88,1550000000,1.67,80.82,13290000000,56134000,26,1.57,35.67,3.6,5.15,21.52,12.28,15.29,4.16,28.6,6.661,1181.199951,890000,2.43,2.407,underperform,adi,2600000000,6.98,6.453,24.91,1113017600,3.725943804,-41.57555369
67,1.04,11.96,7510000000,7.3,25.32,8/5/2011 4:12,-68.22563366,2.89,6.19,44.7,7510000000,6.19,2.5,10.44,1800000000,1.93,85.1,7510000000,88192000,36.38,1.15,31,2.8,3.34,29.52,15.06,27.25,2.5,18.3,10.07,1199.380005,632000,2.1,1.8,underperform,adi,3430000000,11.45,90693000,10.94,1312531955,5.322407855,-62.90322581
68,1.19,12.9,89860000,8.82,22.65,3/19/2012 11:50,-53.28302722,2.55,8.08,37.2,9030000000,8.08,3.1,14.6,1990000000,1.97,85.4,9030000000,78467000,34.36,2.04,39,3.08,4.06,26.94,12.67,21.78,3.1,11,9.74,1409.75,448000,1.5,1.6,underperform,adi,3670000000,12.31,87016000,15.56,1332172251,23.79584773,-29.48717949
69,1.07,14.13,75769000,9.47,17.57,4/22/2013 2:24,-57.44753811,2.09,10.54,5.9,9730000000,10.54,3.64,15.87,1740000000,1,87.8,9730000000,64308000,30.44,5.94,42,3,4.84,24.04,9.26,15.75,3.64,4,8.91,1562.5,467000,1.5,2.3,underperform,adi,3990000000,13.03,75967000,20.28,1366611881,37.20944287,-20.23809524
70,1.06,14.13,75769000,9.47,17.57,5/11/2013 12:07,-53.15571409,2.09,11.87,5.9,10960000000,11.87,4.1,17.52,1740000000,1,87.8,10960000000,64308000,30.44,6.51,46,3.28,5.3,24.04,9.26,15.75,4.1,4,8.91,1632.689941,388000,1.3,1.6,underperform,adi,3990000000,13.03,75967000,22.4,1368288466,43.3731054,-9.782608696
71,0.393,11.738,67360000,1.523,0.789,4/14/2004 16:44,7.28186097,0.902,10.07,11.7,15790000000,10.07,0.48,15.01,1730000000,9.61,64.81,10890000000,58283000,2.69,1.72,16.81,1.45,0.33,1.76,3.23,8.19,0.48,30.9,51.297,1128.170044,534000,0.91,1.937,outperform,adm,1250000000,1.93,6000000000,18.64,1081975465,6.578936175,13.86079714
72,0.383,12.129,30529000,1.512,0.848,6/19/2004 13:33,3.968376762,1.071,8.99,11.7,15540000000,8.99,0.45,14.03,1730000000,9.61,64.94,10580000000,69279000,3.02,1.74,16.28,1.34,0.31,2.01,3.71,9.46,0.45,30.9,53.402,1133.560059,467000,0.8,2.005,outperform,adm,1690000000,2.59,6690000000,15.2,1087666428,7.088134294,11.05651106
73,0.397,12.075,86061000,1.605,0.613,11/30/2004 7:08,20.90311901,0.94,10.67,9.7,17320000000,10.67,0.47,14.25,2150000000,13.63,65.48,13900000000,61083000,2.52,2.28,21.23,1.76,0.37,1.64,3.15,7.97,0.47,17.7,57.207,1173.819946,344000,0.61,1.062,outperform,adm,1420000000,2.17,4850000000,22.59,1101816532,10.89151123,31.79463024
74,0.452,12.075,86061000,1.605,0.613,1/26/2005 0:58,25.15551129,0.94,11.32,9.7,18380000000,11.32,0.49,15,2150000000,13.63,65.03,14820000000,61083000,2.52,2.37,22.65,1.89,0.4,1.64,3.15,7.97,0.49,17.7,57.207,1174.069946,454000,0.8,2.221,outperform,adm,1420000000,2.17,4850000000,24.1,1106719086,10.91512889,36.07064018
75,0.428,12.075,86061000,1.605,0.613,2/8/2005 21:21,25.34667752,0.94,11.78,9.7,19120000000,11.78,0.51,15.1,2150000000,13.63,64.67,15520000000,61083000,2.52,1.79,23.71,1.99,0.42,1.64,3.15,7.97,0.51,17.7,57.207,1202.300049,454000,0.8,2.221,outperform,adm,1420000000,2.17,4850000000,25.22,1107915676,13.58204454,38.92872206
76,0.428,12.075,86061000,1.741,0.528,2/14/2005 20:39,26.95315063,1.08,11.42,9.7,19170000000,11.42,0.52,15.61,2150000000,13.64,64.8,16040000000,70351000,2.69,1.8,24.5,2.01,0.43,1.9,3.56,8.88,0.52,17.7,56.837,1206.140015,454000,0.8,2.221,outperform,adm,1250000000,1.9,4510000000,22.73,1108431586,13.94480855,40.89795918
77,0.28,26.1,32290000000,1.74,85.48,7/29/2011 19:09,29.65082329,3.25,9.17,37.3,32290000000,9.17,0.44,9.09,3840000000,2.14,71.4,32290000000,2100000000,3.56,0.96,30,1.18,0.27,2.86,4.3,13.25,0.44,32.6,114.86,1292.280029,1047000,1.7,1.7,outperform,adm,1620000000,2.54,14260000000,9.43,1311980962,22.08251005,51.73333333
78,0.26,26.1,31540000000,1.74,85.48,8/5/2011 4:13,34.97952815,3.25,8.96,37.3,31540000000,8.96,0.43,7.84,3840000000,2.14,71.4,31540000000,2100000000,3.56,0.85,28,1.14,0.26,2.86,4.3,13.25,0.43,32.6,114.86,1199.380005,1047000,1.7,1.7,outperform,adm,1620000000,2.54,14260000000,8.64,1312532007,13.30618614,48.28571429
79,0.29,27.82,26220000000,2.08,54.78,9/28/2011 4:29,33.33862966,3.13,7.35,14.6,26220000000,7.35,0.33,7.49,4300000000,2.14,71.4,26220000000,2040000000,3.34,0.82,25,0.92,0.21,2.52,4.55,12.06,0.33,45.6,125.66,1151.060059,1368000,2.2,1.6,outperform,adm,1350000000,2,10320000000,8.23,1317198540,8.74137034,42.08
80,0.63,27.52,61800000,1.88,51.59,12/31/2011 4:39,30.23143328,3.26,7.22,33.3,26870000000,7.22,0.31,8.51,4300000000,2.14,71.4,26870000000,2150000000,3.37,1.15,28,1.04,0.22,2.51,4.66,12.65,0.31,30.4,131.92,1249.640015,998000,1.5,2.2,outperform,adm,1830000000,2.73,9500000000,8.76,1325324391,18.05428101,48.28571429
81,0.77,27.81,4670000000,1.84,55.68,7/28/2012 11:39,19.97905616,1.99,8.67,31,27220000000,8.67,0.31,9.7,4300000000,2.11,8.1,27220000000,1320000000,2.58,1.11,27,0.98,0.2,1.48,3.36,7.54,0.31,5.4,134.59,1337.890015,737000,1.1,1.3,outperform,adm,1250000000,1.89,10330000000,13.83,1343489981,26.39131421,46.37037037
82,0.76,28.76,3470000000,1.73,46.71,6/7/2013 17:17,0.870065722,1.89,11.15,32.6,28470000000,11.15,0.31,10.95,3670000000,2.18,74.6,28470000000,1240000000,1.84,1.61,33,1.14,0.24,1.37,2.46,6.7,0.31,2.7,138.08,1643.380005,882000,1.4,2,outperform,adm,1630000000,2.48,8860000000,17.53,1370639854,55.2511464,56.12121212
83,1.073,9.526,1510000000,1.553,0.015,5/12/2004 18:03,0,1.57,14.61,7.5,26510000000,14.61,3.5,26.42,4050000000,1.99,72.48,26980000000,94035000,19.84,2.93,45.7,4.92,3.65,12.4,4.31,17.45,3.5,2,12.644,1097.280029,623000,1.08,2.9,underperform,adp,1230000000,2.08,8205000,29.11,1084399419,0,0
84,0.64,12.15,23170000000,1.07,0.57,8/5/2011 4:11,-6.5388666,2.52,10.81,16.3,23170000000,10.81,2.34,15.75,3900000000,0.17,74.7,23170000000,1250000000,18.47,1.66,47,4.09,2.49,12.7,3.73,21.83,2.34,14.5,20.02,1199.380005,495000,1,1.9,underperform,adp,1430000000,2.88,3420000,19,1312531911,9.304824047,2.765957447
85,0.74,12.33,1800000000,1.1,0.61,1/4/2012 0:07,-1.035653183,2.57,11.58,8.7,25160000000,11.58,2.47,17.97,4150000000,0.17,74.7,25160000000,1280000000,18.19,1.95,54,4.38,2.59,12.57,3.93,21.71,2.47,13.1,20.65,1277.300049,507000,1,2.1,underperform,adp,1270000000,2.6,3650000,21.19,1325653671,16.40602355,15.37037037
86,0.77,12.64,1810000000,1.08,0.58,4/20/2012 21:07,-8.722470093,2.71,11.58,20.9,25480000000,11.58,2.46,18.22,4150000000,0.17,75.8,25480000000,1340000000,18.17,1.99,55,4.32,2.59,12.98,3.61,22.47,2.46,7.4,21.07,1378.530029,480000,1,2.3,underperform,adp,1360000000,2.76,3600000,20.31,1334970453,25.631561,16.90909091
87,0.84,13.2,1900000000,1.07,0.27,7/26/2012 0:02,-7.035570805,2.78,10.77,6.7,25350000000,10.77,2.41,18.53,4150000000,0.16,75.9,25350000000,1370000000,19.32,2.1,55,4.19,2.56,13.02,3.14,21.69,2.41,6.8,21.53,1360.02002,555000,1.1,2.5,underperform,adp,1690000000,3.46,1730000,19.95,1343275348,23.94466171,16.90909091
88,0.83,13,1530000000,1.07,7.29,2/6/2013 18:15,-13.97287429,2.83,12.28,0.9,29030000000,12.28,2.69,18.95,4430000000,0.19,76,29030000000,1390000000,18.89,2.22,60,4.71,2.75,12.87,4.39,22.59,2.69,5.9,22.23,1512.119995,448000,0.9,2.3,underperform,adp,1150000000,2.38,45900000,21.34,1360192511,37.80620763,23.83333333
89,0.83,13.19,1550000000,1.08,0.46,4/23/2013 4:13,-14.18892474,2.87,15.85,4.2,30250000000,15.85,2.88,20.6,4430000000,0.19,77.4,30250000000,1370000000,15.1,2.45,65,4.94,3.01,13.39,3.01,21.78,2.88,7.9,21.66,1578.780029,670000,1.4,3.4,underperform,adp,1420000000,2.93,2930000,22.85,1366704816,43.88123244,29.69230769
90,0.83,13.19,1550000000,1.08,0.46,4/26/2013 14:37,-13.43897828,2.87,15.85,4.2,30250000000,15.85,2.88,20.92,4430000000,0.19,77.4,30250000000,1370000000,15.1,2.48,66,5.06,3.08,13.39,3.01,21.78,2.88,7.9,21.66,1582.23999,670000,1.4,3.4,underperform,adp,1420000000,2.93,2930000,23.2,1367001442,44.19655404,30.75757576
91,1.032,5.614,25796000,1.614,1.614,6/20/2004 7:36,43.27418692,1.246,26.8,277.1,4120000000,26.8,3.96,23.04,80352000,4.76,87.77,4470000000,15531000,14.74,1.53,39.4,6.97,4.27,14.95,16.1,25.5,3.96,15.4,8.332,1132.050049,321000,2.97,1.783,outperform,adsk,35393000,3.12,1.614,31.62,1087731381,9.923782627,53.19796954
92,1.06,5.614,25796000,1.614,1.614,8/3/2004 23:39,47.07228696,1.246,26.86,277.1,4130000000,26.86,3.97,23.37,80352000,4.76,88.88,4540000000,15531000,14.74,1.54,39.96,7.03,4.31,14.95,16.1,25.5,3.97,15.4,8.332,1099.689941,458000,4.24,2.112,outperform,adsk,35393000,3.12,1.614,32.07,1091590761,6.781566891,53.85385385
93,1.315,2.847,37313000,1.637,1.637,4/19/2005 9:08,29.87460171,0.89,23.33,84.1,6690000000,23.33,5.42,24.76,1060000000,2.15,87.25,7230000000,22151000,19.04,1.65,31.69,11.13,5.86,17.95,20.97,34.17,5.42,29.6,4.985,1152.780029,415000,1.86,1.359,outperform,adsk,53269000,2.34,1.637,35.49,1113916088,11.93669523,41.81129694
94,2.13,8.98,57870000,1.75,5.45,2/6/2013 12:50,5.888795906,1.06,15.97,59.6,7560000000,15.97,3.29,18.42,1990000000,0.16,95.3,7560000000,24490000,15.22,1.18,39,4.35,3.82,10.66,6.8,12.74,3.29,0.1,10.13,1512.119995,362000,1.6,1.6,outperform,adsk,1330000000,5.92,11000000,36.85,1360173017,46.82915281,52.71794872
95,2.15,9.14,55910000,2.45,36.49,5/14/2013 2:47,-8.776838143,1.07,16.1,3.5,7690000000,16.1,3.33,15.88,2070000000,0.12,91.8,7690000000,24740000,15.13,1.26,38,4.35,3.85,10.7,5.8,12.6,3.33,2.4,10.21,1650.339966,381000,1.7,1.5,underperform,adsk,1950000000,8.73,74560000,36.36,1368514046,60.25052235,51.47368421
96,1.72,22.61,1560000000,1.05,48.01,4/23/2013 4:44,0,1.72,8.65,12.9,11770000000,8.65,3.63,21.49,1850000000,0.12,86.7,11770000000,40600000,23.47,2.2,43,1.93,2.96,12.52,5.2,7.7,3.63,1.8,13.96,1578.780029,495000,2.2,3.2,underperform,adt,38200000,1.74,2530000000,25.49,1366706672,0,0
97,1.72,20.42,1600000000,1.14,69.94,5/9/2013 13:05,-0.760628491,1.74,9.21,1.9,12640000000,9.21,3.88,21.91,1850000000,0.12,86.7,12640000000,40800000,23.22,2.23,44,2.18,3.09,12.53,5.09,8.18,3.88,1.7,14.1,1626.670044,822000,3.7,2.4,underperform,adt,41900000,1.85,3230000000,25.57,1368119142,3.033355763,2.272727273
98,0.12,28.576,1040000000,1.598,0.804,9/24/2004 17:33,0,3.16,7.89,37.2,12830000000,7.89,2.69,15.1,3080000000,1.02,54.42,8950000000,52772000,23.11,5.47,46.07,1.61,1.88,11.08,3.74,11.34,2.69,19.6,28.079,1110.109985,741000,3.85,9.802,underperform,aee,51100000,2.63,4380000000,14.58,1096061630,0,0
99,0.107,28.576,1040000000,1.598,0.804,11/2/2004 15:30,2.198658351,3.136,8.13,37.2,13210000000,8.13,2.78,15.74,3080000000,1.02,54.9,9330000000,52789000,23.14,5.77,48.01,1.68,1.96,11.1,3.74,11.34,2.78,19.6,27.933,1130.560059,361000,1.88,7.157,outperform,aee,51100000,2.63,4380000000,15.31,1099423815,1.842166477,4.040824828
100,0.167,29.774,91500000,0.875,0.974,3/5/2005 21:55,2.107843484,2.83,9.7,37.2,15860000000,9.7,3.07,16,3080000000,1.02,53.44,10070000000,52972000,20.89,5.57,51.83,1.72,1.93,10.27,3.37,10.02,3.07,19.6,27.694,1210.079956,590000,3.07,10.387,outperform,aee,6900000,0.36,5860000000,18.34,1110077716,9.005411387,11.11325487
101,0.24,32.64,1880000000,1.29,86.81,4/23/2012 16:14,-71.7484447,2.15,6.56,51.9,14630000000,6.56,1.99,16.72,2610000000,0.12,1.5,14630000000,51900000,19.37,3.47,31,0.97,1.05,7.07,3.77,6.6,1.99,7.5,30.38,1366.939941,470000,1.9,3.1,underperform,aee,25500000,1.05,7000000000,14.63,1335212090,23.13554148,-48.61290323
102,0.383,21.51,2600000000,0.803,1.435,4/4/2005 22:37,-0.118579229,2.85,7.01,890,25190000000,7.01,1.79,13.27,7610000000,0.76,65.52,13460000000,1130000000,16.31,4.03,33.96,1.59,0.96,8.02,3.24,13.42,1.79,3.4,35.497,1176.119995,1950000,4.96,11.574,underperform,aep,70800000,1.79,12310000000,11.93,1112668665,6.950145777,6.831566549
103,0.55,28.33,35310000000,0.77,136.63,4/8/2011 4:53,-11.17677484,2.53,7.46,26.1,35310000000,7.46,2.45,10.91,8260000000,0.08,68.3,35310000000,1210000000,20.49,2.81,35,1.26,1.19,8.39,3.74,9.04,2.45,4.6,30.1,1328.170044,484000,1,1.8,underperform,aep,48500000,1.01,18690000000,14.02,1302252823,20.77677484,9.6
104,0.36,30.69,3830000000,0.66,123.75,7/27/2012 0:36,-3.203526891,4.09,8.17,10.2,38040000000,8.17,2.53,13.4,8270000000,0.08,61.9,38040000000,1600000000,18.94,4.01,41,1.34,1.33,13.17,3.44,11.2,2.53,2.8,31.09,1385.969971,736000,1.5,2.5,underperform,aep,36600000,0.76,18380000000,10.25,1343363801,26.03279518,22.82926829
105,0.34,31.37,3800000000,0.67,126.19,4/25/2013 5:13,-7.426088356,2.6,8.87,93.2,43520000000,8.87,2.91,15.33,8550000000,0.08,62.8,43520000000,1260000000,20.01,4.29,50,1.61,1.65,8.42,3.51,8.44,2.91,4.9,30.84,1585.160034,437000,0.9,2,underperform,aep,36200000,0.75,19230000000,19.59,1366881234,44.14608836,36.72
106,1.05,32.58,1770000000,0.75,43,12/19/2012 21:05,-93.10265244,5.23,4.73,1.8,17060000000,4.73,0.48,8.32,10250000000,0.3,90.8,17060000000,1840000000,8.93,0.86,46,1.43,0.44,5.22,5.01,17.18,0.48,5.2,101.78,1435.810059,1678000,5.2,3.8,underperform,aet,3180000000,9.51,4690000000,8.8,1355969107,24.62439157,-68.47826087
107,1.09,32.77,1350000000,0.99,63.37,6/5/2013 5:12,-71.00405998,4.84,6,4.1,21220000000,6,0.57,9.47,10860000000,0.37,97.4,21220000000,1640000000,8.31,0.98,59,1.82,0.52,4.4,4.72,15.57,0.57,7,111.29,1608.900024,480000,1.6,1.5,underperform,aet,5250000000,16.12,6800000000,12.26,1370423529,39.64812778,-31.3559322
108,2.53,27.25,9610000000,0.42,33.03,12/30/2011 9:10,0.14094234,3.94,7.17,7.8,22440000000,7.17,1.04,6.5,4930000000,3.03,65.3,22440000000,1860000000,14.16,0.62,43,1.59,0.94,8.62,1.79,15.56,1.04,11.9,46.04,1257.599976,916000,2,2.5,outperform,afl,1960000000,4.2,4200000000,10.98,1325254257,22.11487161,22.25581395
109,1.76,29.18,12230000000,0.43,30.49,7/17/2012 3:10,-10.15862269,5.03,5.88,101.8,22310000000,5.88,0.96,6.29,6700000000,3.05,64.3,22310000000,2360000000,16.08,0.6,43,1.49,0.88,10.17,2.15,19.14,0.96,20.3,49.82,1363.670044,695000,1.5,2.1,underperform,afl,2240000000,4.79,4160000000,8.59,1342509014,32.41443664,22.25581395
110,0.144,7.186,36500000,3.024,0.637,8/10/2004 2:33,-13.96711706,1.171,25.85,169.8,9510000000,25.85,5,21.33,1440000000,1.98,89.14,9310000000,15780000,15.94,1.22,69.32,9.91,5.03,8.33,8.48,18.98,5,24.3,14.349,1079.040039,263000,2,4.17,underperform,agn,65060000,4.85,60280000,59.2,1092119618,3.392968181,-10.57414887
111,0.165,7.186,42480000,3.024,0.637,11/2/2004 14:09,-14.05372347,1.298,26.32,169.8,9690000000,26.32,4.92,22.38,1440000000,1.98,89.42,9730000000,17380000,15.94,1.43,72.5,10.09,5.12,8.83,9.21,20.64,4.92,24.3,14.903,1130.560059,314000,2.38,2.86,underperform,agn,65060000,4.85,60280000,55.86,1099418989,8.329585541,-5.724137931
112,0.275,8.501,51860000,2.994,0.522,3/10/2005 1:40,-17.43314359,2.84,18.22,169.8,9610000000,18.22,4.7,20.73,1440000000,1.97,90.41,9910000000,37710000,25.78,1.34,75.47,8.89,4.85,18.48,18.9,40.7,4.7,24.3,15.383,1209.25,320000,2.49,3.038,underperform,agn,89480000,6.82,58320000,26.6,1110436857,15.86960841,-1.56353518
113,0.65,18.02,1340000000,4.42,28.52,8/22/2012 22:58,-25.61623212,3.41,14.22,19.8,24940000000,14.22,4.44,17.91,4670000000,0.19,91.9,24940000000,1050000000,28.29,1.53,85,4.8,4.64,18.79,11.99,20.24,4.44,5.2,18.49,1413.48999,330000,1.1,1.4,underperform,agn,2670000000,8.88,1560000000,25.05,1345690721,35.43976153,9.823529412
114,0.63,19.44,1600000000,4.07,26.63,4/22/2013 2:49,-17.54966956,3.58,17.86,15.9,32500000000,17.86,5.6,20.91,5030000000,0.16,88.2,32500000000,1100000000,28.45,1.78,113,5.78,5.76,18.93,11.67,19.7,5.6,7.6,19.26,1562.5,478000,1.6,3.8,underperform,agn,2960000000,9.94,1560000000,31.77,1366613392,49.71781115,32.16814159
115,0.64,17.93,1510000000,3.83,40.37,5/12/2013 5:08,-29.56846929,2.88,16.49,94.6,30800000000,16.49,5.2,19.12,5030000000,0.16,88.2,30800000000,1140000000,28.58,1.57,104,5.75,5.19,14.9,11.79,21.16,5.2,8.3,19.73,1626.670044,494000,1.7,4.2,underperform,agn,2250000000,7.59,2160000000,36.17,1368349698,55.86654621,26.29807692
116,0.95,5.62,31725000,2.35,397.17,5/14/2013 20:29,-86.67410422,0.7,17.56,202.3,10050000000,17.56,9.99,14.88,61896000,0.97,102.7,10050000000,8136000,22.95,1.51,32,5.73,4.67,13.56,2.19,0.71,9.99,3.7,7.15,1650.339966,555000,5.1,5.4,underperform,aiv,4956000,0.34,4720000000,47.09,1368577752,59.64285422,-27.03125
117,0.87,65.92,67970000,0.68,20.58,4/22/2013 18:49,-2.990281799,5.67,3.75,84.3,3530000000,3.75,0.42,8.07,2220000000,0.8,96.6,3530000000,48370000,9.62,0.83,46,0.71,0.43,5.69,1.83,9.62,0.42,2.5,100.96,1562.5,351000,4.5,3.8,underperform,aiz,1210000000,15.36,1070000000,8.24,1366670943,32.27289049,29.2826087
118,1.58,36.85,21280000000,0.51,30.87,5/5/2011 15:24,-66.47948157,2.45,8.83,332.5,21280000000,8.83,0.67,8.93,8830000000,0.08,72,21280000000,1330000000,6.79,1.11,33,0.92,0.56,4.18,1.03,7.19,0.67,4.5,59.05,1335.099976,748000,1.5,1.9,underperform,all,2630000000,5.03,5970000000,13.71,1304623458,20.26736036,-46.21212121
119,1.6,36.85,19020000000,0.51,30.87,7/14/2011 0:16,-84.28384347,2.45,7.89,332.5,19020000000,7.89,0.6,7.9,8830000000,0.08,72,19020000000,1330000000,6.79,2.76,29,0.81,0.49,4.18,1.03,7.19,0.6,4.5,59.05,1308.869995,728000,1.4,1.8,underperform,all,2630000000,5.03,5970000000,12.17,1310616969,17.90453313,-66.37931034
120,1.22,37.27,1930000000,0.71,33.86,3/11/2012 4:48,-78.68792754,1.51,12.48,144.6,20040000000,12.48,0.61,7.84,9090000000,0.07,77.2,20040000000,78800000,4.24,0.95,31,0.84,0.48,2.41,0.68,4.18,0.61,1.8,62.71,1365.910034,850000,1.7,1.7,underperform,all,2070000000,4.15,6330000000,20.97,1331455726,23.04276625,-55.64516129
121,1.01,44.06,2990000000,0.57,31.8,5/9/2013 8:24,-45.00171932,4.61,6.61,7.4,25350000000,6.61,0.76,9.63,11700000000,0.11,77,25350000000,2250000000,10.86,1.12,49,1.13,0.7,6.73,1.8,11.29,0.76,1.2,69.1,1626.670044,976000,2.2,3.1,underperform,all,3990000000,8.52,6560000000,10.79,1368102255,46.53233157,1.530612245
122,2.239,3.006,32043000,3.203,3.203,6/22/2004 11:22,0,0.472,23.02,70,6470000000,23.02,7.39,23.65,56133000,2.07,84.97,7520000000,18376000,27.01,1.49,20.1,6.69,8.6,21,12.31,16.06,7.39,16.2,2.249,1134.410034,1169000,3.19,1.526,underperform,altr,1050000000,2.82,3.203,42.58,1087917760,0,0
123,2.272,3.05,31450000,3.044,3.044,9/17/2004 1:25,-2.560356331,0.577,20.17,70,6490000000,20.17,6.91,23.49,56133000,2.06,84.8,7250000000,22297000,29.9,1.35,19.5,6.36,7.69,23.75,14.57,19.54,6.91,16.2,2.426,1128.550049,1282000,3.52,1.754,underperform,altr,1080000000,2.9,3.044,33.8,1095398717,-0.516566746,-3.076923077
124,2.287,3.05,31450000,3.044,3.044,10/13/2004 13:42,0.263579307,0.577,19.52,70,6280000000,19.52,6.69,24.74,56133000,2.06,84.82,7360000000,22297000,29.9,1.42,19.79,6.49,7.84,23.75,14.57,19.54,6.69,16.2,2.426,1113.650024,1672000,4.59,2.173,outperform,altr,1080000000,2.9,3.044,34.3,1097689340,-1.830027008,-1.566447701
125,2.313,3.232,32704000,3.22,3.22,12/9/2004 7:30,4.626113989,0.684,21.19,70,7280000000,21.19,7.32,30.83,56133000,2.07,86.91,8260000000,26229000,30.84,1.72,22.2,7,8.48,26.39,16.7,22.87,7.32,16.2,2.587,1189.23999,1778000,4.88,2.171,outperform,altr,1150000000,3.09,3.22,32.46,1102595424,4.833345471,9.459459459
126,2.337,3.232,32704000,3.595,3.595,2/4/2005 8:02,-12.56724174,0.72,18.49,70,5820000000,18.49,5.73,24.19,56133000,1.15,83.96,7030000000,27511000,30.99,1.62,18.87,5.94,7.19,27.07,17.13,23.54,5.73,16.2,2.658,1203.030029,1341000,3.64,2.27,underperform,altr,1200000000,3.23,3.595,26.21,1107522137,6.048958749,-6.518282989
127,2.659,3.505,31399000,3.356,3.356,5/2/2005 10:15,0.592868363,0.74,20.39,77.3,6430000000,20.39,6.2,23.29,70620000,1.13,85.64,7720000000,28012000,30.39,1.42,20.73,5.91,7.43,26.98,16.78,23.15,6.2,22.9,2.726,1162.160034,1412000,3.84,2.455,outperform,altr,1210000000,3.25,3.356,28.17,1115043347,2.446205443,3.039073806
128,1.27,9.3,95960000,3.91,16.7,3/9/2012 5:22,24.83136419,2.35,10.26,36.7,9040000000,10.26,4.38,16.71,1450000000,0.22,93.9,9040000000,77071000,41.13,1.93,37,4,5.8,37.33,13.2,28.99,4.38,17.6,6.41,1370.869995,565000,1.8,1.2,outperform,altr,3440000000,10.66,50000000,15.92,1331288560,20.84431148,45.67567568
129,1.37,10.43,58721000,6.78,15,2/6/2013 17:54,7.586635372,1.72,13.54,17.6,8510000000,13.54,4.77,18.08,1450000000,0.28,93.3,8510000000,55681000,33.16,1.82,34,3.31,6.18,31.23,8.27,17.6,4.77,4,5.56,1512.119995,435000,1.4,1.5,outperform,altr,3020000000,9.44,50000000,20.08,1360191299,33.29571757,40.88235294
130,1.45,10.78,64693000,6.72,14.49,6/2/2013 9:56,-6.747895611,1.74,12.67,3.8,8010000000,12.67,4.43,18.88,1240000000,0.29,93.7,8010000000,56116000,32.73,1.92,33,3.12,5.94,31.01,8.06,17.09,4.43,7,5.65,1654.410034,415000,1.3,1.3,underperform,altr,3120000000,9.76,50000000,19.08,1370181404,45.8388047,39.09090909
131,0.55,4.9,10150000000,3.08,7.24,7/22/2011 14:48,43.47626037,0.55,55.37,28.2,10150000000,55.37,17.22,38.09,47652000,1.58,100.8,10150000000,10293000,28.88,1.18,57,11.58,17.7,17.46,10.69,12.52,17.22,41.3,3.28,1345.02002,570000,3.7,4.7,outperform,alxn,34878000,1.9,6523000,104.06,1311360510,15.57637121,59.05263158
132,0.53,5.17,12000000000,3.73,0.22,9/28/2011 11:28,65.72679895,0.61,59.54,59.6,12000000000,59.54,18.47,40.85,47652000,1.58,100.8,12000000000,11590000,28.94,1.53,66,12.96,19.04,17.85,11.35,13.28,18.47,47.6,3.59,1151.060059,547000,3.6,4,outperform,alxn,36801000,1.99,206000,109.28,1317223724,-1.090435317,64.63636364
133,0.61,9.64,39644000,3.9,8.6,11/7/2012 1:50,54.23594452,1.13,43.82,40.6,16860000000,43.82,16.19,32.72,69029000,1.27,97.8,16860000000,22202000,35.2,1.16,90,9.4,16.9,21.33,12.02,15.17,16.19,44.2,5.54,1394.530029,516000,3.2,5.3,outperform,alxn,90553000,4.66,16100000,79.93,1352271015,19.83072215,74.06666667
134,0.56,9.64,39644000,3.9,8.6,2/6/2013 13:28,45.49645585,1.13,46.21,40.6,17770000000,46.21,17.07,34.16,69029000,1.27,97.8,17770000000,22202000,35.2,1.27,95,9.89,17.79,21.33,12.02,15.17,17.07,44.2,5.54,1512.119995,439000,2.7,3.5,outperform,alxn,90553000,4.66,16100000,84.35,1360175284,29.93512309,75.43157895
135,0.54,10.72,39430000,5.24,7.13,5/16/2013 20:58,35.06767592,1.46,42.88,81,19450000000,42.88,15.83,31.23,1060000000,1.15,96.9,19450000000,29163000,35.54,1.37,101,9.82,16.71,23.74,11.6,17.66,15.83,38.5,6.37,1650.469971,434000,2.5,2.3,outperform,alxn,1020000000,5.24,14900000,69.88,1368752305,41.82341319,76.89108911
136,2.347,5.097,83845000,4.769,0.065,6/20/2004 10:05,-22.36761301,0.251,28.54,155.4,25390000000,28.54,4.31,15.12,1600000000,0.87,70.02,30740000000,43437000,9,0.88,18.14,3.6,5.28,7.38,4.18,5.33,4.31,11.6,3.444,1132.050049,2728000,1.62,0.72,underperform,amat,5910000000,3.49,55892000,72.27,1087740312,8.144900775,-14.22271224
137,2.276,5.361,1390000000,4.595,0.061,9/16/2004 23:22,-30.80844712,0.529,14.43,155.4,22870000000,14.43,3.25,14.72,1600000000,0.87,69.02,28500000000,91175000,17.5,0.94,16.78,3.13,4.05,12.97,8.46,10.88,3.25,11.6,4.074,1123.5,3669000,2.18,1.204,underperform,amat,6600000000,3.88,55832000,31.72,1095391327,7.328113389,-23.48033373
138,2.305,5.361,1390000000,4.595,0.061,10/18/2004 20:51,-37.06561693,0.529,13.01,155.4,20620000000,13.01,2.93,15.25,1600000000,0.87,68.73,26930000000,91175000,17.5,1.03,15.86,2.93,3.79,12.97,8.46,10.88,2.93,11.6,4.074,1114.02002,4110000,2.44,1.231,underperform,amat,6600000000,3.88,55832000,29.98,1098147093,6.422489563,-30.64312736
139,2.292,5.501,1390000000,4.494,0.049,12/9/2004 7:35,-33.58510235,0.787,13.44,155.4,23700000000,13.44,2.96,17.62,1600000000,0.31,68.22,29330000000,1350000000,22.01,1.63,17.27,3.19,3.72,16.86,12.03,15.61,2.96,11.6,4.652,1189.23999,3764000,2.22,1.054,underperform,amat,6580000000,3.87,45630000,21.94,1102595716,13.6082639,-19.97683845
140,1.27,6.49,10140000000,3.13,22.77,9/25/2011 19:13,-115.1070317,1.45,3.36,287,10140000000,3.36,0.9,10.59,3720000000,0.13,79.3,10140000000,1940000000,24.58,0.85,10,1.6,1.22,17.28,13.89,24.5,0.9,10.7,8.48,1129.560059,2348000,2.1,1.2,underperform,amat,5760000000,4.37,1950000000,7.3,1316992387,7.907031679,-107.2
141,1.56,6.74,2140000000,2.44,23.34,9/18/2012 7:09,-127.7726765,0.83,7.77,54.2,14560000000,7.77,1.57,14.74,4360000000,0.2,79.3,14560000000,1080000000,16.09,2.03,11,1.77,1.6,11.66,6.79,12.78,1.57,15.9,7.18,1459.319946,1850000,1.4,1.6,underperform,amat,2160000000,1.75,1950000000,14.33,1347966566,39.40904017,-88.36363636
142,1.56,6.74,2140000000,2.44,23.34,10/17/2012 10:51,-127.9245779,0.83,7.12,54.2,13340000000,7.12,1.44,15.14,4360000000,0.25,77.5,13340000000,1080000000,16.09,1.9,11,1.66,1.5,11.66,6.79,12.78,1.44,15.9,7.18,1460.910034,1829000,1.4,1.4,underperform,amat,2160000000,1.75,1950000000,13.45,1350485508,39.5609415,-88.36363636
143,1.54,5.95,1690000000,2.42,27.25,4/25/2013 0:13,-110.8151769,0.02,11.74,70.9,15710000000,11.74,1.94,12.86,3310000000,0.41,78.6,15710000000,2600000,11.38,2.41,13,2.26,1.99,0.32,4.55,0.33,1.94,28.1,6.53,1585.160034,1505000,1.3,1.3,underperform,amat,1750000000,1.46,1950000000,649.05,1366863195,51.43056152,-59.38461538
144,1.54,5.95,1690000000,2.42,27.25,4/26/2013 0:41,-99.15160931,0.02,11.74,70.9,15710000000,11.74,1.94,13.35,3310000000,0.41,78.6,15710000000,2600000,11.38,2.41,14,2.29,2.02,0.32,4.55,0.33,1.94,28.1,6.53,1582.23999,1505000,1.3,1.3,underperform,amat,1750000000,1.46,1950000000,673.81,1366951279,51.15160931,-48
145,0.563,15.639,3700000000,2.206,0.259,3/25/2005 4:19,-26.54538498,1.8,19.84,4.6,73040000000,19.84,6.92,17.98,8820000000,0.68,68.47,73890000000,2360000000,31.73,1.13,58.98,3.76,6.99,22.4,8.81,12.07,6.92,26.3,7.992,1171.709961,1916000,1.54,2.552,underperform,amgn,5810000000,4.64,5110000000,32.86,1111738789,14.84650401,-11.69888098
146,0.563,15.639,3700000000,2.206,0.259,4/3/2005 20:54,-30.59047121,1.8,19.33,4.6,71150000000,19.33,6.74,17.48,8820000000,0.68,68.36,71840000000,2360000000,31.73,1.1,57.35,3.72,6.91,22.4,8.81,12.07,6.74,26.3,7.992,1180.589966,1859000,1.49,2.45,underperform,amgn,5810000000,4.64,5110000000,31.95,1112576080,15.71688795,-14.87358326
147,0.5,27.72,45600000000,5.56,54.38,9/2/2011 18:17,-37.0680215,4.81,7.13,2.7,45600000000,7.13,2.98,9.73,12830000000,0.12,80.6,45600000000,4550000000,34.88,1.45,54,1.98,3.32,29.72,7.62,18.67,2.98,4.1,16.3,1173.969971,1170000,1.3,1.4,underperform,amgn,19170000000,20.75,13930000000,11.37,1315001826,15.0680215,-22
148,0.62,26.8,44760000000,4.6,60.57,11/3/2011 7:54,-45.613075,4.04,7.07,63.3,44760000000,7.07,2.9,9.66,12830000000,0.12,80.6,44760000000,3770000000,34.23,1.39,54,2.05,3.12,24.41,7.4,15.84,2.9,3.4,16.67,1261.150024,2112000,2.3,3.7,underperform,amgn,17680000000,20.11,14260000000,13.57,1320321244,23.613075,-22
149,0.6,26.8,5540000000,4.6,60.57,1/3/2012 15:47,-28.11001544,4.04,8.38,63.3,52870000000,8.38,3.42,11.05,12830000000,0.12,80.6,52870000000,3770000000,33.97,1.6,64,2.4,3.64,24.41,7.35,15.84,3.42,3.4,16.67,1277.060059,3861000,4.1,3.5,underperform,amgn,17680000000,20.17,14260000000,16.01,1325623645,25.17251544,-2.9375
150,0.62,24.16,5060000000,3.24,113.43,6/10/2012 1:02,-25.77261434,4.26,8.71,5.2,55600000000,8.71,3.5,10.14,13160000000,0.12,81.6,55600000000,3740000000,33.61,1.09,68,2.86,3.39,23.57,7.25,17.06,3.5,7.9,18.26,1314.98999,1446000,1.8,3.5,underperform,amgn,19370000000,24.91,21410000000,16.15,1339304557,28.8902614,3.117647059
151,0.54,25.2,5880000000,3.81,139.19,4/25/2013 0:13,-18.71744389,5.52,12.14,15.6,85830000000,12.14,4.97,12.64,14350000000,0.13,81,85830000000,4340000000,34.66,1.6,104,4.47,4.89,25.17,7.25,22.82,4.97,17.1,22.28,1585.160034,1025000,1.4,2.3,underperform,amgn,24060000000,32.15,26530000000,19.01,1366863211,55.37129004,36.65384615
152,0.54,26,5960000000,5.58,122.58,5/21/2013 8:37,-28.19288228,5.91,11.6,21.1,81840000000,11.6,4.69,12.37,14350000000,0.13,81,81840000000,4600000000,34.08,1.58,102,3.93,4.39,26.33,7.37,23.95,4.69,4.7,22.82,1669.160034,979000,1.3,2.1,underperform,amgn,21270000000,28.36,23890000000,17.3,1369139842,63.60464698,35.41176471
153,2.19,44.49,14100000000,1.15,80.07,10/9/2011 4:44,-5.306579564,4.57,4.68,19.3,14100000000,4.68,1.33,6.27,8290000000,0.16,87.2,14100000000,1250000000,27.27,0.59,39,0.91,0.91,11.11,1.41,10.28,1.33,6.1,42.05,1164.969971,370000,1.5,1.1,underperform,amp,4120000000,17.43,8990000000,8.55,1318149847,-7.437010179,-12.74358974
154,1.66,44.58,1500000000,2.23,96.49,4/22/2013 1:29,14.78171465,4.62,7.05,64.8,18920000000,7.05,1.84,9.41,8410000000,0.16,88.8,18920000000,1030000000,23.96,0.72,72,1.56,1.38,10.03,1.15,9.31,1.84,3.5,46.91,1562.5,409000,2,2.4,outperform,amp,5140000000,25.27,9370000000,15.62,1366608575,24.14884091,38.93055556
155,0.48,8.99,27170000000,0.7,158.39,10/7/2011 4:27,68.91943781,0.96,19.83,15.6,27170000000,19.83,12.23,40.58,1510000000,1,95.1,27170000000,38401000,38.76,2.69,55,6.12,9.82,17.29,5.5,10.88,12.23,27.1,5.57,1155.459961,633000,1.6,1.9,outperform,amt,33390000,0.84,5700000000,57.91,1317976046,11.77147128,80.69090909
156,0.29,8.82,1280000000,1,203.24,7/6/2012 19:09,53.78588033,1.32,21.63,141,34920000000,21.63,13.55,34.75,1820000000,0.05,92.9,34920000000,52593000,40.38,2.26,70,8.08,10.9,20.41,5.56,14.1,13.55,23.8,6.53,1354.680054,439000,1.1,1.8,outperform,amt,47126000,1.19,7290000000,53.74,1341616193,31.0426911,84.82857143
157,0.14,9.28,1410000000,1.21,234.16,5/15/2013 18:14,26.74552979,1.47,21.95,22.5,41280000000,21.95,13.84,32.11,2150000000,0.05,94.5,41280000000,58738000,40.25,1.61,83,9.02,11.1,19.7,5.54,14.78,13.84,15.2,7.55,1658.780029,385000,1,2,outperform,amt,44171000,1.12,8850000000,57.02,1368656057,60.45928948,87.20481928
158,0.622,15.253,13170000,1.017,0.979,9/17/2004 2:01,-15.18608543,1.33,10.48,25.6,8270000000,10.48,0.42,11.15,2960000000,38,76.88,4520000000,37140000,3.65,1.14,16.95,1.09,0.23,1.9,4.19,9.35,0.42,0.5,69.951,1128.550049,1118000,6.76,9.655,underperform,an,5680000,0.21,4000000000,12.74,1095400875,9.168386311,-6.017699115
159,0.77,16.132,42070000,1.078,0.781,4/5/2005 7:47,-10.42744389,1.45,9.63,9.5,8190000000,9.63,0.42,11.4,3010000000,29.46,77.42,4970000000,39640000,3.95,1.26,18.69,1.16,0.26,2.04,4.47,9.55,0.42,0.2,71.283,1181.390015,1311000,7,14.332,underperform,an,10720000,0.4,3330000000,12.89,1112701669,14.27977134,3.852327448
160,0.793,16.451,43680000,1.071,0.773,5/28/2005 13:14,-5.871187777,1.64,9.769,11.1,8510000000,9.769,0.44,12,3010000000,1.37,76.5,5200000000,39620000,4.05,1.3,19.8,1.19,0.27,2.28,5.53,9.53,0.44,0.3,73.217,1190.01001,1212000,4.7,11.7,underperform,an,2870000,0.109,3340000000,12.11,1117300464,15.11361202,9.242424242
161,1.34,14.01,8030000000,1.1,154.65,3/12/2011 5:47,17.8555434,1.43,14,9.1,8030000000,14,0.65,15.94,2130000000,72.52,40,8030000000,23530000,3.99,1.02,33,2.35,0.39,1.82,5.46,10.74,0.65,16.2,79.42,1320.02002,1232000,14.1,9.1,outperform,an,9510000,0.64,3220000000,23.49,1299926845,27.68991115,45.54545455
162,1.33,14.39,7800000000,1.09,139.76,5/22/2011 3:33,15.57457611,1.56,12.99,25.7,7800000000,12.99,0.6,15.46,2130000000,30.74,74.1,7800000000,24680000,4.03,0.92,33,2.35,0.39,1.86,5.73,11.05,0.6,16.7,85.38,1343.599976,1341000,20.3,14,outperform,an,8430000,0.57,2990000000,21.17,1306049588,29.97087844,45.54545455
163,1.33,14.39,7880000000,1.09,139.76,6/4/2011 10:52,18.38467182,1.56,13.13,25.7,7880000000,13.13,0.61,15.8,2130000000,30.74,74.1,7880000000,24680000,4.03,0.93,33,2.37,0.39,1.86,5.73,11.05,0.61,16.7,85.38,1314.550049,1328000,20.1,14.4,outperform,an,8430000,0.57,2990000000,21.54,1307199137,27.16078272,45.54545455
164,1.33,14.39,8020000000,1.09,139.76,6/22/2011 11:44,22.63773953,1.56,13.36,25.7,8020000000,13.36,0.62,16.25,2130000000,30.74,74.1,8020000000,24680000,4.03,0.96,34,2.41,0.4,1.86,5.73,11.05,0.62,16.7,85.38,1287.140015,1256000,19,20.5,outperform,an,8430000,0.57,2990000000,22.15,1308757459,24.5093193,47.14705882
165,1.33,14.39,8290000000,1.09,139.76,6/29/2011 9:02,23.61322792,1.56,13.81,25.7,8290000000,13.81,0.64,17.1,2130000000,30.74,74.1,8290000000,24680000,4.03,0.96,36,2.53,0.42,1.86,5.73,11.05,0.64,16.7,85.38,1307.410034,1212000,18.3,13.7,outperform,an,8430000,0.57,2990000000,23.3,1309352547,26.47010541,50.08333333
166,1.13,14.52,8250000000,1.13,147.35,8/16/2011 15:42,33.27751422,1.76,13.31,52.3,8250000000,13.31,0.63,16.42,2130000000,30.74,74.1,8250000000,27010000,4.1,0.97,35,2.46,0.4,2.02,5.9,13.22,0.63,7.5,89.06,1192.76001,1151000,17.4,13.8,outperform,an,8180000,0.56,3120000000,20.15,1313523753,15.37962863,48.65714286
167,0.86,12.67,37080000,1.06,271.59,7/28/2012 7:42,25.65646501,2.15,13.02,9.3,8930000000,13.02,0.61,14.33,2300000000,29.97,69.7,8930000000,29310000,4.08,0.76,40,3.09,0.32,1.98,6.07,16.09,0.61,17,110.3,1337.890015,848000,21.2,13.8,outperform,an,6210000,0.52,4150000000,18.68,1343475769,29.41853499,55.075
168,0.94,14.73,45160000,1.04,251.78,5/14/2013 9:51,0.423812447,2.64,13.08,13.7,10020000000,13.08,0.62,13.93,2490000000,57.06,2.6,10020000000,32700000,4.2,0.79,45,3.11,0.35,2.03,6.26,19.5,0.62,12,132.6,1650.339966,288000,5.7,4.1,outperform,an,4630000,0.38,4500000000,17.36,1368539497,59.64285422,60.06666667
169,1.583,9.057,30423000,2.688,2.688,4/11/2004 4:03,1.166706496,2.073,8.14,15.6,2700000000,8.14,1.58,12.85,65605000,0.48,87.25,3220000000,20510000,19.42,0.85,33.4,3.99,2.04,12.01,18.74,25.6,1.58,16.9,17.195,1139.319946,521000,5.42,2.417,outperform,anf,52107000,5.4,2.688,16.11,1081670594,10.62970069,11.79640719
170,1.602,10.298,28190000,2.688,2.688,6/7/2004 20:30,9.920628673,2.073,7.35,5.2,2930000000,7.35,1.71,13.8,71740000,0.37,92.22,3510000000,20510000,19.42,0.91,37.13,3.54,2.02,12.01,18.74,25.6,1.71,7,17.195,1140.420044,339000,3.6,2.106,outperform,anf,52107000,5.52,2.688,17.91,1086654650,10.73652188,20.65715055
171,1.587,9.371,33651000,2.946,2.946,8/10/2004 3:04,7.230738479,2.123,6.27,5.2,2560000000,6.27,1.45,12.26,71740000,0.41,88.92,3180000000,20923000,19.1,0.8,33.48,3.49,1.75,11.8,18.55,25.24,1.45,7,17.986,1079.040039,348000,3.68,2.506,outperform,anf,53736000,5.66,2.946,15.77,1092121456,4.77642998,12.00716846
172,1.56,9.774,34130000,2.617,2.617,10/12/2004 5:47,12.04402682,2.214,6.78,5.2,2880000000,6.78,1.58,14.02,71740000,0.38,95,3530000000,21726000,19.34,0.91,37.28,3.74,1.9,11.95,18.3,25.3,1.58,7,18.569,1121.839966,396000,4.21,1.937,outperform,anf,58215000,6.16,2.617,16.84,1097574439,8.932368029,20.97639485
173,1.865,8.74,36459000,1.958,1.958,1/28/2005 5:22,27.0549827,2.126,9.55,5.2,3890000000,9.55,2.05,17.34,71740000,7.06,95,4340000000,20690000,17.56,1.15,49.76,5.69,2.29,10.92,16.98,24.01,2.05,7,19.529,1171.359985,376000,4.65,2.112,outperform,anf,44341000,5.09,1.958,23.41,1106907747,13.74083724,40.79581994
174,1.798,7.349,36459000,1.597,1.597,2/27/2005 8:07,29.13458336,2.29,12.52,5.2,4380000000,12.52,2.16,15.86,71740000,7.06,95,4730000000,21749000,17.29,1.06,54.23,7.37,2.34,10.76,16.79,27.08,2.16,7,21.252,1200.199951,334000,4.12,1.829,outperform,anf,35037000,4.02,1.597,23.7,1109509622,16.54124183,45.67582519
175,1.66,21.7,5540000000,2.23,1.39,10/23/2011 13:43,39.28812767,2.2,9.38,64.4,5540000000,9.38,1.46,14.82,2210000000,1.31,98.4,5540000000,19901000,9.45,1.2,69,3.21,1.6,5.27,7.74,10.74,1.46,22.9,43.24,1215.390015,599000,8,2.4,outperform,anf,53961000,6.21,2629000,31.62,1319391804,18.01622016,57.30434783
176,1.64,21.7,4420000000,2.23,1.39,11/15/2011 5:16,26.18051848,2.2,7.48,64.4,4420000000,7.48,1.17,12.75,2210000000,1.31,98.4,4420000000,19901000,9.45,1.02,57,2.62,1.3,5.27,7.74,10.74,1.17,22.9,43.24,1257.810059,667000,8.9,3.2,outperform,anf,53961000,6.21,2629000,25.99,1321352186,22.13527099,48.31578947
177,1.5,22.16,40372000,2.06,1.36,12/27/2011 6:24,15.7498159,2.23,6.24,1.7,3710000000,6.24,0.93,11.42,2210000000,1.31,98.4,3710000000,19988000,9.03,0.9,48,2.23,1.07,5.04,7.48,10.58,0.93,21.5,45.58,1265.430054,550000,7.4,1.2,outperform,anf,48834000,5.68,2632000,21.8,1324985054,22.8751841,38.625
178,2.21,20.51,33088000,2.04,3.88,6/10/2012 8:21,-19.75002931,1.19,4.69,88.1,2360000000,4.69,0.56,7.53,2520000000,1.43,92.8,2360000000,10550000,6.43,0.49,32,1.57,0.63,2.49,6.06,5.86,0.56,10.1,49.23,1314.98999,542000,7.6,2.1,underperform,anf,35952000,4.36,6571000,27.03,1339330885,27.68752931,7.9375
179,2.17,20.54,34604000,1.78,8.13,10/14/2012 7:23,-31.19344134,1.03,5.33,51.6,2530000000,5.33,0.59,10.84,2520000000,1.4,93.8,2530000000,8899000,5.81,0.77,32,1.63,0.65,2.08,5.36,4.97,0.59,3.8,50.32,1432.839966,979000,13.8,3.8,underperform,anf,33226000,4.02,13783000,31.85,1350213803,39.13094134,7.9375
180,2.21,20.54,34604000,1.78,8.13,11/7/2012 15:11,-22.05804698,1.03,5.52,51.6,2620000000,5.52,0.61,11.3,2520000000,1.4,93.8,2620000000,8899000,5.81,0.8,34,1.66,0.66,2.08,5.36,4.97,0.61,3.8,50.32,1394.530029,1010000,14.2,4.7,underperform,anf,33226000,4.02,13783000,32.99,1352319060,35.41098815,13.35294118
181,1.54,13.52,18671000,3.412,3.412,9/23/2004 14:25,-42.61564848,1.694,5.85,25.9,1540000000,5.85,0.88,12.25,86624000,1.22,95,1820000000,12382000,11.94,0.85,25.48,1.9,1.05,7.07,10.72,14.64,0.88,15,23.475,1108.359985,145000,2.05,1.122,underperform,ann,34720000,4.86,3.412,15.04,1095963910,7.215334509,-35.40031397
182,1.586,13.52,18671000,3.412,3.412,10/13/2004 23:19,-63.97705751,1.694,4.71,25.9,1240000000,4.71,0.71,11.94,86624000,2.06,95,1580000000,12382000,11.94,0.8,22.08,1.65,0.91,7.07,10.72,14.64,0.71,15,23.475,1113.650024,221000,3.16,1.531,underperform,ann,34720000,4.86,3.412,13.03,1097723969,7.727057513,-56.25
183,1.706,13.402,9670000,3.2,3.2,2/7/2005 11:27,-66.83561769,1.47,6.01,25.9,1430000000,6.01,0.79,19.42,86624000,2.08,90.23,1620000000,10776000,9.98,1.29,22.91,1.63,0.85,5.94,9.16,12.17,0.79,15,24.529,1201.719971,426000,6.17,3.547,underperform,ann,18873000,2.67,3.2,15.54,1107793646,16.24635535,-50.58926233
184,1.523,13.121,16926000,2.41,2.41,4/19/2005 8:16,-56.16632063,0.83,7.92,37.3,1450000000,7.92,0.78,16.22,94755000,0.81,89.84,1710000000,6328000,5.66,1.05,23.85,1.82,0.92,3.41,5.14,6.65,0.78,16.7,25.415,1152.780029,564000,7.93,3.762,underperform,ann,25481000,3.55,2.41,28.77,1113912987,11.51223258,-44.65408805
185,0.51,25.71,18880000000,1.14,53.53,8/18/2011 9:21,0,2.67,9.41,68.6,18880000000,9.41,1.84,12.02,8510000000,4.11,86,18880000000,87600000,14.84,1.53,46,1.81,1.47,8.55,3.5,13.01,1.84,48.1,31.71,1140.650024,264000,0.8,1.5,underperform,aon,81500000,2.5,4530000000,17.41,1313673676,0,0
186,0.73,25.47,1410000000,1.14,55.3,12/21/2011 15:02,-9.036071085,2.72,8.41,37.5,18480000000,8.41,1.65,12.67,8510000000,4.11,86,18480000000,93000000,14.6,1.43,46,1.8,1.32,8.33,3.92,13.71,1.65,51.2,33.17,1243.719971,478000,1.5,1.8,underperform,aon,90200000,2.79,4580000000,16.98,1324497725,9.036071085,0
187,0.73,25.47,1410000000,1.14,55.3,12/28/2011 18:42,-9.555077255,2.72,8.6,37.5,18910000000,8.6,1.69,12.89,8510000000,4.11,86,18910000000,93000000,14.6,1.49,46,1.85,1.36,8.33,3.92,13.71,1.69,51.2,33.17,1249.640015,478000,1.5,1.8,underperform,aon,90200000,2.79,4580000000,17.27,1325115722,9.555077255,0
188,0.73,25.47,1410000000,1.14,55.3,1/28/2012 5:43,-12.08810308,2.72,8.75,37.5,19240000000,8.75,1.72,13.23,8510000000,4.28,87.2,19240000000,93000000,14.6,1.54,48,1.87,1.38,8.33,3.92,13.71,1.72,51.2,33.17,1326.060059,346000,1.1,1.9,underperform,aon,90200000,2.79,4580000000,17.72,1327747401,16.25476975,4.166666667
189,0.73,25.47,1410000000,1.14,55.3,1/28/2012 14:58,-12.08810308,2.72,8.75,37.5,19240000000,8.75,1.72,13.26,8510000000,4.28,87.2,19240000000,93000000,14.6,1.55,48,1.87,1.38,8.33,3.92,13.71,1.72,51.2,33.17,1326.060059,346000,1.1,1.9,underperform,aon,90200000,2.79,4580000000,17.72,1327780727,16.25476975,4.166666667
190,0.431,21.131001,2710000000,1.08,0.319,5/12/2004 19:41,0,3.451,4.82,102.4,15520000000,4.82,3.55,13.43,3430000000,16,80.74,13060000000,1130000000,44.71,1.43,40.16,1.93,3.04,25.88,9.4,18.16,3.55,63.7,13.406,1097.280029,406000,1.49,1.697,underperform,apa,6115000,0.19,2190000000,11.64,1084405263,0,0
191,0.446,22.011999,2780000000,1.187,0.301,9/19/2004 14:30,13.90891534,3.835,5.4,102.4,17830000000,5.4,3.91,10.98,3430000000,16.01,77.02,15640000000,1260000000,44.2,0.84,47.98,2.13,3.35,27.65,10.07,19.32,3.91,63.7,13.943,1123.5,250000,0.91,1.427,outperform,apa,9748000,0.3,2190000000,12.51,1095618616,2.389542351,16.29845769
192,0.442,22.011999,2780000000,1.187,0.301,10/27/2004 4:46,23.13572741,3.835,5.91,102.4,19520000000,5.91,4.28,10.22,3430000000,16.01,77.52,17620000000,1260000000,44.2,0.87,54.05,2.42,3.8,27.65,10.07,19.32,4.28,63.7,13.943,1125.400024,322000,1.18,1.705,outperform,apa,9748000,0.3,2190000000,14.09,1098866809,2.562699972,25.69842738
193,1.52,69.46,9100000000,1.14,25.81,12/30/2011 22:31,40.76710933,10.28,3.46,28.8,41270000000,3.46,2.6,7.33,9880000000,0.48,86.4,41270000000,4010000000,49.31,0.69,90,1.3,2.18,25.76,11.58,16.39,2.6,43.4,41.51,1257.599976,399000,1,1.3,outperform,apa,58600000,1.53,7200000000,8.81,1325302264,14.61066845,55.37777778
194,1.69,74.09,9980000000,1.05,26.5,6/7/2012 9:06,31.77358264,10.6,3.09,29.7,40400000000,3.09,2.34,6.41,13990000000,0.39,85.4,40400000000,4170000000,49.36,0.78,83,1.13,1.89,24.59,10.86,15.47,2.34,15.5,44.93,1314.98999,484000,1.3,1.5,outperform,apa,24500000,0.63,7870000000,7.88,1339074404,19.84087519,51.61445783
195,1.79,76.87,8500000000,0.9,39.4,4/23/2013 5:22,-2.084130987,4.92,3.17,43.8,39250000000,3.17,2.33,6.99,13810000000,0.41,83.6,39250000000,1920000000,41.43,1.17,69,0.9,1.6,11.89,7.73,6.63,2.33,1.6,43.28,1578.780029,604000,1.5,1.8,underperform,apa,16000000,0.41,12340000000,14.07,1366708952,43.88123244,41.79710145
196,1.78,76.87,8500000000,0.9,39.4,5/10/2013 3:19,1.533424362,4.92,3.37,43.8,41760000000,3.37,2.48,8.27,13810000000,0.41,83.6,41760000000,1920000000,41.43,1.25,81,1.01,1.81,11.89,7.73,6.63,2.48,1.6,43.28,1633.699951,644000,1.7,2,outperform,apa,16000000,0.41,12340000000,16.56,1368170355,48.88632872,50.41975309
197,0.623,37.334,3500000000,0.598,0.475,1/23/2005 1:45,20.57722123,5.89,4.99,55.5,20430000000,4.99,3.56,9.41,4290000000,2,78.2,16010000000,1490000000,46.26,1.03,63.9,1.71,2.79,26.03,7.12,16.99,3.56,32.7,22.677,1175.410034,672000,2.74,3.121,outperform,apc,15400000,0.61,4480000000,10.85,1106462743,13.99241883,34.56964006
198,0.611,38.053001,3500000000,1.206,0.395,3/6/2005 5:42,31.22486063,6.37,5.38,55.5,23280000000,5.38,3.84,12.73,4290000000,2,78.13,20390000000,1600000000,47.49,1.51,81.37,2.08,3.26,26.47,7.67,17.77,3.84,32.7,24.099,1210.469971,605000,2.46,3.304,outperform,apc,87400000,3.49,3670000000,12.78,1110105738,17.39256594,48.61742657
199,1.47,42.03,46780000000,1.65,60.68,5/13/2011 21:22,13.76175036,0.52,8.52,69.8,46780000000,8.52,4.28,17.98,8720000000,0.33,86.3,46780000000,26000000,14.93,1.28,74,1.77,3.38,2.39,1.99,1.54,4.28,3,22.05,1337.77002,450000,0.9,1.4,outperform,apc,3460000000,6.96,13220000000,141.34,1305336128,29.73824964,43.5
200,2.35,42.06,8950000000,1.8,66.12,5/16/2013 15:24,-7.575561458,1.38,7.29,78.7,55290000000,7.29,4.06,16.69,10720000000,0.33,86.7,55290000000,68900000,15.4,0.97,88,2.1,3.25,5.11,2.42,3.43,4.06,9,27.2,1650.469971,898000,1.8,2.6,underperform,apc,3740000000,7.45,14760000000,64.61,1368732269,60.06419782,52.48863636
201,0.833,17.523001,97850000,1.536,0.646,4/11/2004 4:17,-3.588051097,1.793,11.22,24.4,14150000000,11.22,2.16,17.17,1680000000,5.93,84.4,11670000000,40330000,9.28,1.94,51.34,2.93,1.79,6.41,4.58,10.71,2.16,16.6,29.097,1139.319946,120000,0.56,1.251,underperform,apd,9290000,0.41,2570000000,28.63,1081671448,1.153302363,-2.434748734
202,0.715,18.679001,1000000000,1.405,0.579,9/30/2004 16:49,4.013690883,2.491,9.76,24.4,14800000000,9.76,2.09,17.54,1680000000,5.94,85.27,12320000000,56730000,11.83,2,54.2,2.93,1.76,8.26,6.08,14.24,2.09,16.6,31.077,1114.579956,187000,0.87,2.084,outperform,apd,8950000,0.39,2460000000,21.76,1096577357,-1.043211178,2.970479705
203,0.742,18.679001,1000000000,1.405,0.579,11/29/2004 2:19,2.757596635,2.491,10.08,24.4,15280000000,10.08,2.16,16.46,1680000000,5.94,85.6,12910000000,56730000,11.83,1.8,56.79,3.05,1.83,8.26,6.08,14.24,2.16,16.6,31.077,1178.569946,149000,0.7,1.324,outperform,apd,8950000,0.39,2460000000,22.8,1101712786,4.638071617,7.395668251
204,0.678,20.856001,1240000000,1.447,0.541,3/15/2005 11:14,11.76867098,2.78,10.32,52.1,16910000000,10.32,2.19,18.19,1950000000,5.8,85.13,14620000000,63910000,11.91,2.01,64.22,3.05,1.88,8.55,6.55,14.83,2.19,17.7,33.522,1197.75,191000,0.89,2.199,outperform,apd,27270000,1.2,2570000000,23.13,1110899675,6.340952189,18.10962317
205,1.24,27.49,24070000000,1.35,72.72,7/21/2011 11:46,24.74534197,5.04,9.85,20.8,24070000000,9.85,2.53,14.5,2520000000,0.08,85.1,24070000000,1100000000,16.63,1.4,94,3.42,2.1,11.56,7.32,19.65,2.53,11.2,44.53,1343.800049,240000,1.1,1.8,outperform,apd,27720000,1.31,4400000000,18.67,1311263216,19.30784952,44.05319149
206,1.12,30.52,1800000000,1.27,75.54,11/6/2012 21:25,6.612300605,5.44,9.06,57.3,21520000000,9.06,2.24,12.4,2770000000,0.17,86,21520000000,99920000,15.96,1.9,79,2.58,1.74,12.14,6.14,15.84,2.24,0.2,45.51,1428.390015,252000,1.2,3.5,outperform,apd,45440000,2.14,5290000000,14.65,1352255111,26.81807914,33.43037975
207,1.1,30.56,1660000000,1.05,86.63,5/15/2013 13:09,-5.064218815,5.58,10.17,1.9,24590000000,10.17,2.46,15.06,2560000000,0.18,86.8,24590000000,1060000000,15.41,1.87,91,3,1.91,11.93,5.98,16.36,2.46,6,47.48,1658.780029,427000,2,3.9,underperform,apd,40160000,1.93,5990000000,16.41,1368637798,47.27301002,42.20879121
208,1.984,4.049,15547000,2.225,1.476,5/21/2004 16:30,-101.9396285,1.307,12.77,29.4,3300000000,12.77,2.5,15.97,41878000,54.97,80.95,2750000000,11634000,16.74,1.05,31.14,7.84,2.12,8.83,10.03,42.51,2.5,16.7,14.825,1093.560059,146000,3.67,3.574,underperform,aph,2840000,0.32,52702000,23.83,1085171426,-2.909440242,-104.8490687
209,2.085,4.88,18712000,1.846,1.088,1/22/2005 1:12,-74.83036279,1.822,12.58,29.4,3730000000,12.58,2.44,15.73,41878000,12.98,95,3330000000,16331000,17.59,1.05,37.6,7.6,2.24,10.67,13.46,43.2,2.44,16.7,17.067,1184.630005,177000,2.3,3.654,underperform,aph,2252000,0.25,46984000,20.64,1106374376,5.176107471,-69.65425532
210,2.105,5.474,18712000,1.92,0.932,3/6/2005 6:27,-67.30490912,1.82,12.52,29.4,3950000000,12.52,2.58,15.96,41878000,12.98,94.34,3530000000,16331000,18.08,0.96,39.91,7.36,2.33,10.67,13.26,40.96,2.58,16.7,17.055,1210.469971,226000,2.93,3.211,underperform,aph,3017000,0.34,44905000,21.92,1110108434,7.470281204,-59.83462791
211,1.53,15.68,69073000,3.34,67.07,5/12/2013 15:28,-24.15965936,3.56,13.81,20.9,13500000000,13.81,3.08,18.8,1340000000,0.24,100.3,13500000000,58176000,19.41,1.5,80,4.99,2.85,13.25,10.88,24.5,3.08,10,27.31,1626.670044,241000,1.5,4,underperform,aph,1020000000,6.39,1690000000,22.55,1368386890,44.42215936,20.2625
